@inproceedings{Matsunaga2024,
  author    = {Takahiro Matsunaga and Eiji Hato},
  title     = {Three-Dimensional Pedestrian Route Choice Model with Quantization of Observational Uncertainty},
  booktitle = {IEEE Conference on Intelligent Transportation Systems (ITSC)},
  year      = {2024},
  note      = {In press}
}
